@article{Poupyrev1996,
abstract = {Page 1. The Go-Go Interaction Technique: Non-linear Mapping for Direct$\backslash$nManipulation in VR Ivan Mark Billinghurst, Suzanne Weghorst Tadao$\backslash$nIchikawa IS Lab, Hiroshima University HIT Lab, University of Washington$\backslash$nIS Lab, Hiroshima University },
author = {Poupyrev, Ivan and Billinghurst, Mark and Weghorst, Suzanne and Ichikawa, Tadao},
doi = {10.1145/237091.237102},
file = {:Users/kingdompro/Downloads/p79-poupyrev.pdf:pdf},
isbn = {0897917987},
journal = {Proceedings of the 9th annual ACM symposium on User interface software and technology - UIST '96},
keywords = {3D user interface,3d user interface,user interface metaphor,virtual reality},
pages = {79--80},
title = {{The go-go interaction technique}},
url = {http://portal.acm.org/citation.cfm?doid=237091.237102{\%}5Cnhttp://dl.acm.org/citation.cfm?id=237091.237102},
year = {1996}
}
